%YAML 1.1
%TAG !u! tag:unity3d.com,2011:
--- !u!29 &1
OcclusionCullingSettings:
  m_ObjectHideFlags: 0
  serializedVersion: 2
  m_OcclusionBakeSettings:
    smallestOccluder: 5
    smallestHole: 0.25
    backfaceThreshold: 100
  m_SceneGUID: 00000000000000000000000000000000
  m_OcclusionCullingData: {fileID: 0}
--- !u!104 &2
RenderSettings:
  m_ObjectHideFlags: 0
  serializedVersion: 8
  m_Fog: 0
  m_FogColor: {r: 0.5, g: 0.5, b: 0.5, a: 1}
  m_FogMode: 3
  m_FogDensity: 0.01
  m_LinearFogStart: 0
  m_LinearFogEnd: 300
  m_AmbientSkyColor: {r: 0.212, g: 0.227, b: 0.259, a: 1}
  m_AmbientEquatorColor: {r: 0.114, g: 0.125, b: 0.133, a: 1}
  m_AmbientGroundColor: {r: 0.047, g: 0.043, b: 0.035, a: 1}
  m_AmbientIntensity: 1
  m_AmbientMode: 3
  m_SubtractiveShadowColor: {r: 0.42, g: 0.478, b: 0.627, a: 1}
  m_SkyboxMaterial: {fileID: 0}
  m_HaloStrength: 0.5
  m_FlareStrength: 1
  m_FlareFadeSpeed: 3
  m_HaloTexture: {fileID: 0}
  m_SpotCookie: {fileID: 10001, guid: 0000000000000000e000000000000000, type: 0}
  m_DefaultReflectionMode: 0
  m_DefaultReflectionResolution: 128
  m_ReflectionBounces: 1
  m_ReflectionIntensity: 1
  m_CustomReflection: {fileID: 0}
  m_Sun: {fileID: 0}
  m_IndirectSpecularColor: {r: 0, g: 0, b: 0, a: 1}
--- !u!157 &3
LightmapSettings:
  m_ObjectHideFlags: 0
  serializedVersion: 11
  m_GIWorkflowMode: 1
  m_GISettings:
    serializedVersion: 2
    m_BounceScale: 1
    m_IndirectOutputScale: 1
    m_AlbedoBoost: 1
    m_TemporalCoherenceThreshold: 1
    m_EnvironmentLightingMode: 0
    m_EnableBakedLightmaps: 0
    m_EnableRealtimeLightmaps: 0
  m_LightmapEditorSettings:
    serializedVersion: 9
    m_Resolution: 2
    m_BakeResolution: 40
    m_TextureWidth: 1024
    m_TextureHeight: 1024
    m_AO: 0
    m_AOMaxDistance: 1
    m_CompAOExponent: 1
    m_CompAOExponentDirect: 0
    m_Padding: 2
    m_LightmapParameters: {fileID: 0}
    m_LightmapsBakeMode: 1
    m_TextureCompression: 1
    m_FinalGather: 0
    m_FinalGatherFiltering: 1
    m_FinalGatherRayCount: 256
    m_ReflectionCompression: 2
    m_MixedBakeMode: 2
    m_BakeBackend: 0
    m_PVRSampling: 1
    m_PVRDirectSampleCount: 32
    m_PVRSampleCount: 500
    m_PVRBounces: 2
    m_PVRFiltering: 0
    m_PVRFilteringMode: 1
    m_PVRCulling: 1
    m_PVRFilteringGaussRadiusDirect: 1
    m_PVRFilteringGaussRadiusIndirect: 5
    m_PVRFilteringGaussRadiusAO: 2
    m_PVRFilteringAtrousColorSigma: 1
    m_PVRFilteringAtrousNormalSigma: 1
    m_PVRFilteringAtrousPositionSigma: 1
  m_LightingDataAsset: {fileID: 0}
  m_UseShadowmask: 1
--- !u!196 &4
NavMeshSettings:
  serializedVersion: 2
  m_ObjectHideFlags: 0
  m_BuildSettings:
    serializedVersion: 2
    agentTypeID: 0
    agentRadius: 0.5
    agentHeight: 2
    agentSlope: 45
    agentClimb: 0.4
    ledgeDropHeight: 0
    maxJumpAcrossDistance: 0
    minRegionArea: 2
    manualCellSize: 0
    cellSize: 0.16666667
    manualTileSize: 0
    tileSize: 256
    accuratePlacement: 0
  m_NavMeshData: {fileID: 0}
--- !u!114 &309076014 stripped
MonoBehaviour:
  m_PrefabParentObject: {fileID: 114931475637580238, guid: 59cb96182f6fdec47921b37f5d6ca939,
    type: 2}
  m_PrefabInternal: {fileID: 1665288526}
  m_Script: {fileID: 11500000, guid: 947081ae019a0fc4fb8c2de359786d77, type: 3}
--- !u!114 &309076015 stripped
MonoBehaviour:
  m_PrefabParentObject: {fileID: 114403556703356726, guid: 59cb96182f6fdec47921b37f5d6ca939,
    type: 2}
  m_PrefabInternal: {fileID: 1665288526}
  m_Script: {fileID: 11500000, guid: 4fded5a08e79d134dbc60c5ebf9ce4fc, type: 3}
--- !u!1001 &1014803913
Prefab:
  m_ObjectHideFlags: 0
  serializedVersion: 2
  m_Modification:
    m_TransformParent: {fileID: 0}
    m_Modifications:
    - target: {fileID: 4780240616101038, guid: 41c26039d8a6c96428663c0b59b1f9e6, type: 2}
      propertyPath: m_LocalPosition.x
      value: 0
      objectReference: {fileID: 0}
    - target: {fileID: 4780240616101038, guid: 41c26039d8a6c96428663c0b59b1f9e6, type: 2}
      propertyPath: m_LocalPosition.y
      value: 0
      objectReference: {fileID: 0}
    - target: {fileID: 4780240616101038, guid: 41c26039d8a6c96428663c0b59b1f9e6, type: 2}
      propertyPath: m_LocalPosition.z
      value: 0
      objectReference: {fileID: 0}
    - target: {fileID: 4780240616101038, guid: 41c26039d8a6c96428663c0b59b1f9e6, type: 2}
      propertyPath: m_LocalRotation.x
      value: -0
      objectReference: {fileID: 0}
    - target: {fileID: 4780240616101038, guid: 41c26039d8a6c96428663c0b59b1f9e6, type: 2}
      propertyPath: m_LocalRotation.y
      value: -0
      objectReference: {fileID: 0}
    - target: {fileID: 4780240616101038, guid: 41c26039d8a6c96428663c0b59b1f9e6, type: 2}
      propertyPath: m_LocalRotation.z
      value: -0
      objectReference: {fileID: 0}
    - target: {fileID: 4780240616101038, guid: 41c26039d8a6c96428663c0b59b1f9e6, type: 2}
      propertyPath: m_LocalRotation.w
      value: 1
      objectReference: {fileID: 0}
    - target: {fileID: 4780240616101038, guid: 41c26039d8a6c96428663c0b59b1f9e6, type: 2}
      propertyPath: m_RootOrder
      value: 2
      objectReference: {fileID: 0}
    m_RemovedComponents: []
  m_ParentPrefab: {fileID: 100100000, guid: 41c26039d8a6c96428663c0b59b1f9e6, type: 2}
  m_IsPrefabParent: 0
--- !u!1001 &1525529790
Prefab:
  m_ObjectHideFlags: 0
  serializedVersion: 2
  m_Modification:
    m_TransformParent: {fileID: 0}
    m_Modifications:
    - target: {fileID: 114580667810664490, guid: 546b93c44b7b7b642b8e0ff125824aa0,
        type: 2}
      propertyPath: m_OnClick.m_PersistentCalls.m_Calls.Array.size
      value: 2
      objectReference: {fileID: 0}
    - target: {fileID: 114561291341533776, guid: 546b93c44b7b7b642b8e0ff125824aa0,
        type: 2}
      propertyPath: m_OnClick.m_PersistentCalls.m_Calls.Array.size
      value: 2
      objectReference: {fileID: 0}
    - target: {fileID: 114776626258482494, guid: 546b93c44b7b7b642b8e0ff125824aa0,
        type: 2}
      propertyPath: m_OnClick.m_PersistentCalls.m_Calls.Array.size
      value: 2
      objectReference: {fileID: 0}
    - target: {fileID: 114892914243553654, guid: 546b93c44b7b7b642b8e0ff125824aa0,
        type: 2}
      propertyPath: m_OnValueChanged.m_PersistentCalls.m_Calls.Array.size
      value: 2
      objectReference: {fileID: 0}
    - target: {fileID: 114598698928267168, guid: 546b93c44b7b7b642b8e0ff125824aa0,
        type: 2}
      propertyPath: m_OnValueChanged.m_PersistentCalls.m_Calls.Array.size
      value: 1
      objectReference: {fileID: 0}
    - target: {fileID: 114162531627346240, guid: 546b93c44b7b7b642b8e0ff125824aa0,
        type: 2}
      propertyPath: m_OnValueChanged.m_PersistentCalls.m_Calls.Array.size
      value: 1
      objectReference: {fileID: 0}
    - target: {fileID: 224022042268900784, guid: 546b93c44b7b7b642b8e0ff125824aa0,
        type: 2}
      propertyPath: m_LocalPosition.x
      value: 0
      objectReference: {fileID: 0}
    - target: {fileID: 224022042268900784, guid: 546b93c44b7b7b642b8e0ff125824aa0,
        type: 2}
      propertyPath: m_LocalPosition.y
      value: 0
      objectReference: {fileID: 0}
    - target: {fileID: 224022042268900784, guid: 546b93c44b7b7b642b8e0ff125824aa0,
        type: 2}
      propertyPath: m_LocalPosition.z
      value: 0
      objectReference: {fileID: 0}
    - target: {fileID: 224022042268900784, guid: 546b93c44b7b7b642b8e0ff125824aa0,
        type: 2}
      propertyPath: m_LocalRotation.x
      value: 0
      objectReference: {fileID: 0}
    - target: {fileID: 224022042268900784, guid: 546b93c44b7b7b642b8e0ff125824aa0,
        type: 2}
      propertyPath: m_LocalRotation.y
      value: 0
      objectReference: {fileID: 0}
    - target: {fileID: 224022042268900784, guid: 546b93c44b7b7b642b8e0ff125824aa0,
        type: 2}
      propertyPath: m_LocalRotation.z
      value: 0
      objectReference: {fileID: 0}
    - target: {fileID: 224022042268900784, guid: 546b93c44b7b7b642b8e0ff125824aa0,
        type: 2}
      propertyPath: m_LocalRotation.w
      value: 1
      objectReference: {fileID: 0}
    - target: {fileID: 224022042268900784, guid: 546b93c44b7b7b642b8e0ff125824aa0,
        type: 2}
      propertyPath: m_RootOrder
      value: 1
      objectReference: {fileID: 0}
    - target: {fileID: 224022042268900784, guid: 546b93c44b7b7b642b8e0ff125824aa0,
        type: 2}
      propertyPath: m_AnchoredPosition.x
      value: 0
      objectReference: {fileID: 0}
    - target: {fileID: 224022042268900784, guid: 546b93c44b7b7b642b8e0ff125824aa0,
        type: 2}
      propertyPath: m_AnchoredPosition.y
      value: 0
      objectReference: {fileID: 0}
    - target: {fileID: 224022042268900784, guid: 546b93c44b7b7b642b8e0ff125824aa0,
        type: 2}
      propertyPath: m_SizeDelta.x
      value: 0
      objectReference: {fileID: 0}
    - target: {fileID: 224022042268900784, guid: 546b93c44b7b7b642b8e0ff125824aa0,
        type: 2}
      propertyPath: m_SizeDelta.y
      value: 0
      objectReference: {fileID: 0}
    - target: {fileID: 224022042268900784, guid: 546b93c44b7b7b642b8e0ff125824aa0,
        type: 2}
      propertyPath: m_AnchorMin.x
      value: 0
      objectReference: {fileID: 0}
    - target: {fileID: 224022042268900784, guid: 546b93c44b7b7b642b8e0ff125824aa0,
        type: 2}
      propertyPath: m_AnchorMin.y
      value: 0
      objectReference: {fileID: 0}
    - target: {fileID: 224022042268900784, guid: 546b93c44b7b7b642b8e0ff125824aa0,
        type: 2}
      propertyPath: m_AnchorMax.x
      value: 0
      objectReference: {fileID: 0}
    - target: {fileID: 224022042268900784, guid: 546b93c44b7b7b642b8e0ff125824aa0,
        type: 2}
      propertyPath: m_AnchorMax.y
      value: 0
      objectReference: {fileID: 0}
    - target: {fileID: 224022042268900784, guid: 546b93c44b7b7b642b8e0ff125824aa0,
        type: 2}
      propertyPath: m_Pivot.x
      value: 0
      objectReference: {fileID: 0}
    - target: {fileID: 224022042268900784, guid: 546b93c44b7b7b642b8e0ff125824aa0,
        type: 2}
      propertyPath: m_Pivot.y
      value: 0
      objectReference: {fileID: 0}
    - target: {fileID: 114580667810664490, guid: 546b93c44b7b7b642b8e0ff125824aa0,
        type: 2}
      propertyPath: m_OnClick.m_PersistentCalls.m_Calls.Array.data[0].m_Target
      value: 
      objectReference: {fileID: 309076014}
    - target: {fileID: 114892914243553654, guid: 546b93c44b7b7b642b8e0ff125824aa0,
        type: 2}
      propertyPath: m_OnValueChanged.m_PersistentCalls.m_Calls.Array.data[0].m_Target
      value: 
      objectReference: {fileID: 309076015}
    - target: {fileID: 114776626258482494, guid: 546b93c44b7b7b642b8e0ff125824aa0,
        type: 2}
      propertyPath: m_OnClick.m_PersistentCalls.m_Calls.Array.data[0].m_Target
      value: 
      objectReference: {fileID: 309076014}
    - target: {fileID: 114561291341533776, guid: 546b93c44b7b7b642b8e0ff125824aa0,
        type: 2}
      propertyPath: m_OnClick.m_PersistentCalls.m_Calls.Array.data[0].m_Target
      value: 
      objectReference: {fileID: 309076014}
    - target: {fileID: 114630797475077994, guid: 546b93c44b7b7b642b8e0ff125824aa0,
        type: 2}
      propertyPath: m_OnClick.m_PersistentCalls.m_Calls.Array.data[0].m_Target
      value: 
      objectReference: {fileID: 309076015}
    - target: {fileID: 223617801121150290, guid: 546b93c44b7b7b642b8e0ff125824aa0,
        type: 2}
      propertyPath: m_Camera
      value: 
      objectReference: {fileID: 1558613886}
    - target: {fileID: 114580667810664490, guid: 546b93c44b7b7b642b8e0ff125824aa0,
        type: 2}
      propertyPath: m_OnClick.m_PersistentCalls.m_Calls.Array.data[1].m_Mode
      value: 5
      objectReference: {fileID: 0}
    - target: {fileID: 114580667810664490, guid: 546b93c44b7b7b642b8e0ff125824aa0,
        type: 2}
      propertyPath: m_OnClick.m_PersistentCalls.m_Calls.Array.data[1].m_Arguments.m_BoolArgument
      value: 1
      objectReference: {fileID: 0}
    - target: {fileID: 114580667810664490, guid: 546b93c44b7b7b642b8e0ff125824aa0,
        type: 2}
      propertyPath: m_OnClick.m_PersistentCalls.m_Calls.Array.data[1].m_CallState
      value: 2
      objectReference: {fileID: 0}
    - target: {fileID: 114580667810664490, guid: 546b93c44b7b7b642b8e0ff125824aa0,
        type: 2}
      propertyPath: m_OnClick.m_PersistentCalls.m_Calls.Array.data[1].m_Target
      value: 
      objectReference: {fileID: 309076015}
    - target: {fileID: 114580667810664490, guid: 546b93c44b7b7b642b8e0ff125824aa0,
        type: 2}
      propertyPath: m_OnClick.m_PersistentCalls.m_Calls.Array.data[1].m_MethodName
      value: PlaySoundEffect
      objectReference: {fileID: 0}
    - target: {fileID: 114580667810664490, guid: 546b93c44b7b7b642b8e0ff125824aa0,
        type: 2}
      propertyPath: m_OnClick.m_PersistentCalls.m_Calls.Array.data[1].m_Arguments.m_ObjectArgumentAssemblyTypeName
      value: UnityEngine.Object, UnityEngine
      objectReference: {fileID: 0}
    - target: {fileID: 114580667810664490, guid: 546b93c44b7b7b642b8e0ff125824aa0,
        type: 2}
      propertyPath: m_OnClick.m_PersistentCalls.m_Calls.Array.data[1].m_Arguments.m_StringArgument
      value: Bell2
      objectReference: {fileID: 0}
    - target: {fileID: 114561291341533776, guid: 546b93c44b7b7b642b8e0ff125824aa0,
        type: 2}
      propertyPath: m_OnClick.m_PersistentCalls.m_Calls.Array.data[1].m_Mode
      value: 5
      objectReference: {fileID: 0}
    - target: {fileID: 114561291341533776, guid: 546b93c44b7b7b642b8e0ff125824aa0,
        type: 2}
      propertyPath: m_OnClick.m_PersistentCalls.m_Calls.Array.data[1].m_CallState
      value: 2
      objectReference: {fileID: 0}
    - target: {fileID: 114561291341533776, guid: 546b93c44b7b7b642b8e0ff125824aa0,
        type: 2}
      propertyPath: m_OnClick.m_PersistentCalls.m_Calls.Array.data[1].m_Target
      value: 
      objectReference: {fileID: 309076015}
    - target: {fileID: 114561291341533776, guid: 546b93c44b7b7b642b8e0ff125824aa0,
        type: 2}
      propertyPath: m_OnClick.m_PersistentCalls.m_Calls.Array.data[1].m_MethodName
      value: PlaySoundEffect
      objectReference: {fileID: 0}
    - target: {fileID: 114561291341533776, guid: 546b93c44b7b7b642b8e0ff125824aa0,
        type: 2}
      propertyPath: m_OnClick.m_PersistentCalls.m_Calls.Array.data[1].m_Arguments.m_ObjectArgumentAssemblyTypeName
      value: UnityEngine.Object, UnityEngine
      objectReference: {fileID: 0}
    - target: {fileID: 114561291341533776, guid: 546b93c44b7b7b642b8e0ff125824aa0,
        type: 2}
      propertyPath: m_OnClick.m_PersistentCalls.m_Calls.Array.data[1].m_Arguments.m_StringArgument
      value: Bell
      objectReference: {fileID: 0}
    - target: {fileID: 114776626258482494, guid: 546b93c44b7b7b642b8e0ff125824aa0,
        type: 2}
      propertyPath: m_OnClick.m_PersistentCalls.m_Calls.Array.data[1].m_Mode
      value: 5
      objectReference: {fileID: 0}
    - target: {fileID: 114776626258482494, guid: 546b93c44b7b7b642b8e0ff125824aa0,
        type: 2}
      propertyPath: m_OnClick.m_PersistentCalls.m_Calls.Array.data[1].m_Arguments.m_BoolArgument
      value: 1
      objectReference: {fileID: 0}
    - target: {fileID: 114776626258482494, guid: 546b93c44b7b7b642b8e0ff125824aa0,
        type: 2}
      propertyPath: m_OnClick.m_PersistentCalls.m_Calls.Array.data[1].m_CallState
      value: 2
      objectReference: {fileID: 0}
    - target: {fileID: 114776626258482494, guid: 546b93c44b7b7b642b8e0ff125824aa0,
        type: 2}
      propertyPath: m_OnClick.m_PersistentCalls.m_Calls.Array.data[1].m_Target
      value: 
      objectReference: {fileID: 309076015}
    - target: {fileID: 114776626258482494, guid: 546b93c44b7b7b642b8e0ff125824aa0,
        type: 2}
      propertyPath: m_OnClick.m_PersistentCalls.m_Calls.Array.data[1].m_MethodName
      value: PlaySoundEffect
      objectReference: {fileID: 0}
    - target: {fileID: 114776626258482494, guid: 546b93c44b7b7b642b8e0ff125824aa0,
        type: 2}
      propertyPath: m_OnClick.m_PersistentCalls.m_Calls.Array.data[1].m_Arguments.m_ObjectArgumentAssemblyTypeName
      value: UnityEngine.Object, UnityEngine
      objectReference: {fileID: 0}
    - target: {fileID: 114776626258482494, guid: 546b93c44b7b7b642b8e0ff125824aa0,
        type: 2}
      propertyPath: m_OnClick.m_PersistentCalls.m_Calls.Array.data[1].m_Arguments.m_StringArgument
      value: Bell
      objectReference: {fileID: 0}
    - target: {fileID: 114598698928267168, guid: 546b93c44b7b7b642b8e0ff125824aa0,
        type: 2}
      propertyPath: m_OnValueChanged.m_PersistentCalls.m_Calls.Array.data[0].m_Mode
      value: 5
      objectReference: {fileID: 0}
    - target: {fileID: 114598698928267168, guid: 546b93c44b7b7b642b8e0ff125824aa0,
        type: 2}
      propertyPath: m_OnValueChanged.m_PersistentCalls.m_Calls.Array.data[0].m_CallState
      value: 2
      objectReference: {fileID: 0}
    - target: {fileID: 114892914243553654, guid: 546b93c44b7b7b642b8e0ff125824aa0,
        type: 2}
      propertyPath: m_OnValueChanged.m_PersistentCalls.m_Calls.Array.data[1].m_Target
      value: 
      objectReference: {fileID: 309076015}
    - target: {fileID: 114892914243553654, guid: 546b93c44b7b7b642b8e0ff125824aa0,
        type: 2}
      propertyPath: m_OnValueChanged.m_PersistentCalls.m_Calls.Array.data[1].m_MethodName
      value: Players_Option_Changed
      objectReference: {fileID: 0}
    - target: {fileID: 114892914243553654, guid: 546b93c44b7b7b642b8e0ff125824aa0,
        type: 2}
      propertyPath: m_OnValueChanged.m_PersistentCalls.m_Calls.Array.data[1].m_Mode
      value: 1
      objectReference: {fileID: 0}
    - target: {fileID: 114892914243553654, guid: 546b93c44b7b7b642b8e0ff125824aa0,
        type: 2}
      propertyPath: m_OnValueChanged.m_PersistentCalls.m_Calls.Array.data[1].m_Arguments.m_ObjectArgumentAssemblyTypeName
      value: UnityEngine.Object, UnityEngine
      objectReference: {fileID: 0}
    - target: {fileID: 114892914243553654, guid: 546b93c44b7b7b642b8e0ff125824aa0,
        type: 2}
      propertyPath: m_OnValueChanged.m_PersistentCalls.m_Calls.Array.data[1].m_CallState
      value: 2
      objectReference: {fileID: 0}
    - target: {fileID: 114162531627346240, guid: 546b93c44b7b7b642b8e0ff125824aa0,
        type: 2}
      propertyPath: m_OnValueChanged.m_PersistentCalls.m_Calls.Array.data[0].m_Mode
      value: 5
      objectReference: {fileID: 0}
    - target: {fileID: 114162531627346240, guid: 546b93c44b7b7b642b8e0ff125824aa0,
        type: 2}
      propertyPath: m_OnValueChanged.m_PersistentCalls.m_Calls.Array.data[0].m_CallState
      value: 2
      objectReference: {fileID: 0}
    - target: {fileID: 114162531627346240, guid: 546b93c44b7b7b642b8e0ff125824aa0,
        type: 2}
      propertyPath: m_OnValueChanged.m_PersistentCalls.m_Calls.Array.data[0].m_Target
      value: 
      objectReference: {fileID: 309076015}
    - target: {fileID: 114598698928267168, guid: 546b93c44b7b7b642b8e0ff125824aa0,
        type: 2}
      propertyPath: m_OnValueChanged.m_PersistentCalls.m_Calls.Array.data[0].m_Target
      value: 
      objectReference: {fileID: 309076015}
    - target: {fileID: 114892914243553654, guid: 546b93c44b7b7b642b8e0ff125824aa0,
        type: 2}
      propertyPath: m_OnValueChanged.m_PersistentCalls.m_Calls.Array.data[0].m_MethodName
      value: PlaySoundEffect
      objectReference: {fileID: 0}
    - target: {fileID: 114892914243553654, guid: 546b93c44b7b7b642b8e0ff125824aa0,
        type: 2}
      propertyPath: m_OnValueChanged.m_PersistentCalls.m_Calls.Array.data[0].m_Mode
      value: 5
      objectReference: {fileID: 0}
    - target: {fileID: 114598698928267168, guid: 546b93c44b7b7b642b8e0ff125824aa0,
        type: 2}
      propertyPath: m_OnValueChanged.m_PersistentCalls.m_Calls.Array.data[0].m_MethodName
      value: PlaySoundEffect
      objectReference: {fileID: 0}
    - target: {fileID: 114598698928267168, guid: 546b93c44b7b7b642b8e0ff125824aa0,
        type: 2}
      propertyPath: m_OnValueChanged.m_PersistentCalls.m_Calls.Array.data[0].m_Arguments.m_ObjectArgumentAssemblyTypeName
      value: UnityEngine.Object, UnityEngine
      objectReference: {fileID: 0}
    - target: {fileID: 114162531627346240, guid: 546b93c44b7b7b642b8e0ff125824aa0,
        type: 2}
      propertyPath: m_OnValueChanged.m_PersistentCalls.m_Calls.Array.data[0].m_MethodName
      value: PlaySoundEffect
      objectReference: {fileID: 0}
    - target: {fileID: 114162531627346240, guid: 546b93c44b7b7b642b8e0ff125824aa0,
        type: 2}
      propertyPath: m_OnValueChanged.m_PersistentCalls.m_Calls.Array.data[0].m_Arguments.m_ObjectArgumentAssemblyTypeName
      value: UnityEngine.Object, UnityEngine
      objectReference: {fileID: 0}
    - target: {fileID: 114892914243553654, guid: 546b93c44b7b7b642b8e0ff125824aa0,
        type: 2}
      propertyPath: m_OnValueChanged.m_PersistentCalls.m_Calls.Array.data[0].m_Arguments.m_StringArgument
      value: ButtonClick
      objectReference: {fileID: 0}
    - target: {fileID: 114598698928267168, guid: 546b93c44b7b7b642b8e0ff125824aa0,
        type: 2}
      propertyPath: m_OnValueChanged.m_PersistentCalls.m_Calls.Array.data[0].m_Arguments.m_StringArgument
      value: ButtonClick
      objectReference: {fileID: 0}
    - target: {fileID: 114162531627346240, guid: 546b93c44b7b7b642b8e0ff125824aa0,
        type: 2}
      propertyPath: m_OnValueChanged.m_PersistentCalls.m_Calls.Array.data[0].m_Arguments.m_StringArgument
      value: ButtonClick
      objectReference: {fileID: 0}
    m_RemovedComponents: []
  m_ParentPrefab: {fileID: 100100000, guid: 546b93c44b7b7b642b8e0ff125824aa0, type: 2}
  m_IsPrefabParent: 0
--- !u!20 &1558613886 stripped
Camera:
  m_PrefabParentObject: {fileID: 20944823349593662, guid: 59cb96182f6fdec47921b37f5d6ca939,
    type: 2}
  m_PrefabInternal: {fileID: 1665288526}
--- !u!1001 &1665288526
Prefab:
  m_ObjectHideFlags: 0
  serializedVersion: 2
  m_Modification:
    m_TransformParent: {fileID: 0}
    m_Modifications:
    - target: {fileID: 4996227836384522, guid: 59cb96182f6fdec47921b37f5d6ca939, type: 2}
      propertyPath: m_LocalPosition.x
      value: 0
      objectReference: {fileID: 0}
    - target: {fileID: 4996227836384522, guid: 59cb96182f6fdec47921b37f5d6ca939, type: 2}
      propertyPath: m_LocalPosition.y
      value: 0
      objectReference: {fileID: 0}
    - target: {fileID: 4996227836384522, guid: 59cb96182f6fdec47921b37f5d6ca939, type: 2}
      propertyPath: m_LocalPosition.z
      value: -10
      objectReference: {fileID: 0}
    - target: {fileID: 4996227836384522, guid: 59cb96182f6fdec47921b37f5d6ca939, type: 2}
      propertyPath: m_LocalRotation.x
      value: 0
      objectReference: {fileID: 0}
    - target: {fileID: 4996227836384522, guid: 59cb96182f6fdec47921b37f5d6ca939, type: 2}
      propertyPath: m_LocalRotation.y
      value: 0
      objectReference: {fileID: 0}
    - target: {fileID: 4996227836384522, guid: 59cb96182f6fdec47921b37f5d6ca939, type: 2}
      propertyPath: m_LocalRotation.z
      value: 0
      objectReference: {fileID: 0}
    - target: {fileID: 4996227836384522, guid: 59cb96182f6fdec47921b37f5d6ca939, type: 2}
      propertyPath: m_LocalRotation.w
      value: 1
      objectReference: {fileID: 0}
    - target: {fileID: 4996227836384522, guid: 59cb96182f6fdec47921b37f5d6ca939, type: 2}
      propertyPath: m_RootOrder
      value: 0
      objectReference: {fileID: 0}
    m_RemovedComponents: []
  m_ParentPrefab: {fileID: 100100000, guid: 59cb96182f6fdec47921b37f5d6ca939, type: 2}
  m_IsPrefabParent: 0
